@book{Kaeslin08,
  author    = "Kaeslin, Hubert",
  title     = "Digital Integrated Circuit Design: From VLSI Architectures to CMOS Fabrication",
  publisher = "Cambridge University Press",
  month     = apr,
  year      = "2008",
}

@book{HVM04,
  author    = "Hankerson, D.R. and Vanstone, S.A. and Menezes, A.J.",
  title     = "Guide to Elliptic Curve Cryptography",
  series    = "Springer Professional Computing",
  publisher = "Springer",
  year      = "2004",
}

@manual{FIPS197,
  title         = "Advanced Encryption Standard (AES) (FIPS PUB 197)",
  author        = "NIST",
  organization  = "National Institute of Standards and Technology",
  month         = nov,
  year          = "2001",
}

@inproceedings{RBBK01,
  author    = "Phillip Rogaway and Mihir Bellare and John Black and Ted Krovetz",
  title     = "{OCB}: A Block-Cipher Mode of Operation for Efficient Authenticated Encryption",
  booktitle = "ACM Conference on Computer and Communications Security",
  year      = "2001",
  pages     = "196--205",
}

@electronic{Virtex6UG1111,
  author  = "Xilinx",
  month   = nov,
  year    = "2011",
  title   = "{Virtex-6 FPGA Configuration User Guide}",
  note    = "UG360 (v3.4)",
  url     = "http://www.xilinx.com/support/documentation/user_guides/ug360.pdf",
}

@electronic{XilinxBib:Series7UG1110,
  author  = "Xilinx",
  month   = oct,
  year    = "2011",
  title   = "{7 Series FPGAs Configuration User Guide}",
  note    = "UG470 (v1.2)",
  url     = "http://www.xilinx.com/support/documentation/user_guides/ug470_7Series_Config.pdf",
}

@misc{WIKI:Newton,
  author  = "Wikipedia",
  title   = "{Isaac Newton}",
  note    = "Accessed October 1, 2012",
  url     = "http://en.wikipedia.org/w/index.php?title=Isaac_Newton&oldid=514997436",
}
